% Copyright (C) 2017 Daniel Page <csdsp@bristol.ac.uk>
%
% Use of this source code is restricted per the CC BY-SA license, a copy of
% which can be found via http://creativecommons.org (and should be included 
% as LICENSE.txt within the associated archive or repository).

@book{book:ex1,
  author    = {L. Lamport},
  title     = {\hologo{LaTeX}: {A} Document Preparation System},
  edition   = {2},
  publisher = {Addison-Wesley},
  year      = {1994},
  isbn      = {978-0201529838}
}

@book{book:ex2,
  author    = {F. Mittelbach and M. Goossens and J. Braams and D. Carlisle and C. Rowley},
  title     = {The \hologo{LaTeX} Companion},
  edition   = {2},
  publisher = {Addison-Wesley},
  year      = {2004},
  isbn      = {978-0201362992}
}
