% Copyright (C) 2017 Daniel Page <csdsp@bristol.ac.uk>
%
% Use of this source code is restricted per the CC BY-SA license, a copy of
% which can be found via http://creativecommons.org (and should be included 
% as LICENSE.txt within the associated archive or repository).
%
% You can find some documentation in the associated repo. hosted at
%
% https://github.com/danpage/uob-dissertation

% =============================================================================

@misc{poster:style,
  author = {G. Hess and K. Tosney and L. Liegel},
  title  = {Creating Effective Poster Presentations},
  note   = {\url{https://projects.ncsu.edu/project/posters}}
}

@misc{poster:pitch,
  title  = {{Wikipedia}: Elevator pitch},
  note   = {\url{https://en.wikipedia.org/wiki/Elevator_pitch}}
}

@misc{poster:xkcd,
  title  = {{XKCD}: File Extensions},
  note   = {\url{https://xkcd.com/1301}}
}

% =============================================================================
